@article{zhou2014assessment,
  title={Assessment of quality control approaches for metagenomic data analysis},
  author={Zhou, Qian and Su, Xiaoquan and Ning, Kang},
  journal={Scientific reports},
  volume={4},
  number={1},
  pages={1--11},
  year={2014},
  publisher={Nature Publishing Group}
}
@article{nissenimproved,
  title={Improved metagenome binning and assembly using deep variational autoencoders},
  author={Nissen, Jakob Nybo and Johansen, Joachim and Alles{\o}e, Rosa Lundbye and S{\o}nderby, Casper Kaae and Armenteros, Jose Juan Almagro and Gr{\o}nbech, Christopher Heje and Jensen, Lars Juhl and Nielsen, Henrik Bj{\o}rn and Petersen, Thomas Nordahl and Winther, Ole and others},
  journal={Nature Biotechnology},
  pages={1--6},
  publisher={Nature Publishing Group}
}
@article{nayfach2019new,
  title={New insights from uncultivated genomes of the global human gut microbiome},
  author={Nayfach, Stephen and Shi, Zhou Jason and Seshadri, Rekha and Pollard, Katherine S and Kyrpides, Nikos C},
  journal={Nature},
  volume={568},
  number={7753},
  pages={505--510},
  year={2019},
  publisher={Nature Publishing Group}
}
